@misc{wikipedia_mosfet_2025,
  author = {{Wikipédia}},
  title = {MOSFET --- Wikipédia, a enciclopédia livre},
  year = {2025},
  url = {https://pt.wikipedia.org/wiki/MOSFET},
  urldate = {19-10-25}
}

@misc{newtoncbraga_mosfet_2025,
  author = {{Newton C. Braga}},
  title = {Como funciona: MOSFET},
  year = {2025},
  url = {https://www.newtoncbraga.com.br/como-funciona/6417-art977.html},
  urldate = {19-10-25}
}

@misc{eletronicadepotencia_mosfet_2025,
  author = {{Eletrônica de Potência}},
  title = {Transistor MOSFET de potência},
  year = {2025},
  url = {https://eletronicadepotencia.com/transistor-mosfet-de-potencia/},
  urldate = {19-10-25}
}

@misc{wiki_igbt,
  author  = {Wikipedia},
  title   = {Insulated-gate bipolar transistor},
  year    = {2024},
  url     = {https://en.wikipedia.org/wiki/Insulated-gate_bipolar_transistor},
  urldate = {2024-10-18}
}

@techreport{onsemi_igbt,
  author      = {onsemi},
  title       = {TND6235 - IGBT Technologies and Applications Overview},
  institution = {onsemi},
  url         = {https://www.onsemi.com/pub/collateral/tnd6235-d.pdf},
  year        = {2024}
}

@techreport{infineon_igbt_char,
  author      = {Infineon Technologies},
  title       = {IGBT Characteristics - Application Note},
  institution = {Infineon Technologies AG},
  year        = {2020},
  month       = {May},
  url         = {https://www.infineon.com/dgdl/Infineon-IGBT_Characteristics-AN-v01_00-EN.pdf},
  urldate     = {2024-10-18}
}

@online{mps_igbt,
  author  = {Monolithic Power Systems},
  title   = {IGBTs},
  url     = {https://www.monolithicpower.com/en/learning/mpscholar/power-electronics/power-semiconductor-devices/igbts},
  year    = {2024},
}

@phdthesis{phdthesis,
author = {Vandrevala, Farah},
year = {2013},
month = {04},
pages = {},
school = {Virginia Polytechnic Institute and State University},
title = {MODELING AND CHARACTERIZATION OF THE INSULATED GATE BIPOLAR TRANSISTOR IN THE NEAR-THRESHOLD REGION},
doi = {10.13140/2.1.1700.6887}
}

@misc{blikai_jfet_2025,
  author = {{Blikai}},
  title = {Junction Field-Effect Transistors: Principles, Applications, and Advantages},
  year  = {2025},
  url   = {https://www.blikai.com/blog/transistors/junction-field-effect-transistors-principles-applications-and-advantages},
  urldate = {2025-10-19}
}

@misc{eltgeral_transistores_tipos_mais_usados_2025,
  author = {{EltGeral}},
  title  = {O que são transistores e quais tipos mais usados?},
  year   = {2025},
  url    = {https://eltgeral.com.br/o-que-sao-transistores-e-quais-tipos-mais-usados/},
  urldate = {2025-10-19}
}

@misc{electronics_tutorials_jfet_2025,
  author = {{Electronics Tutorials}},
  title  = {Junction Field-Effect Transistor (JFET) – Tutorial},
  year   = {2025},
  url    = {https://www.electronics-tutorials.ws/transistor/tran_5.html},
  urldate = {2025-10-19}
}

@misc{imd_ufrn_curso_transistores_2025,
  author = {{Instituto Metrópole Digital – UFRN}},
  title  = {Aula 07 – Transistor Bipolar, Mosfet e JFET},
  year   = {2025},
  url    = {https://materialpublic.imd.ufrn.br/curso/disciplina/2/47},
  urldate = {2025-10-19}
}

@misc{eletronica_analogica2015_jfet_2025,
  author = {{Eletrônica Analógica 2015}},
  title  = {JFET – Junction Field Effect Transistor},
  year   = {2025},
  url    = {https://eletronica-analogica2015.blogspot.com/2017/02/jfet-junction-field-effect-transistor.html},
  urldate = {2025-10-19}
}